@article{kishore2014electronic,
  title={Electronic and optical properties of core-shell nanowires in a magnetic field},
  author={Kishore, VV Ravi and Partoens, B and Peeters, FM},
  journal={Journal of Physics: Condensed Matter},
  volume={26},
  number={9},
  pages={095501},
  year={2014},
  publisher={IOP Publishing}
}
