@article{kishore2014electronic,
  title={Electronic and optical properties of core-shell nanowires in a magnetic field},
  author={Kishore, VV Ravi and Partoens, B and Peeters, FM},
  journal={Journal of Physics: Condensed Matter},
  volume={26},
  number={9},
  pages={095501},
  year={2014},
  publisher={IOP Publishing}
}

@article{kishore2012hole,
  title={Hole subbands in freestanding nanowires: six-band versus eight-band kâ‹… p modelling},
  author={Kishore, VV Ravi and {\v{C}}ukari{\'c}, N and Partoens, B and Tadi{\'c}, M and Peeters, FM},
  journal={Journal of Physics: Condensed Matter},
  volume={24},
  number={13},
  pages={135302},
  year={2012},
  publisher={IOP Publishing}
}

@article{pryor1998eight,
  title={Eight-band calculations of strained InAs/GaAs quantum dots compared with one-, four-, and six-band approximations},
  author={Pryor, Craig},
  journal={Physical Review B},
  volume={57},
  number={12},
  pages={7190},
  year={1998},
  publisher={APS}
}
